3036 5034
92 320 95 327 .
179 267 221 333 26
675 264 834 332 PERSII

178 449 241 512 hoc
264 455 357 512 natat
379 445 413 510 in
435 445 545 523 labris,
568 454 602 510 et
625 445 658 510 in
679 446 745 510 udo
768 454 828 524 est,
852 444 992 508 Maenas
1014 454 1048 508 et
1071 441 1171 521 Attis,
1284 468 1329 519 105

178 581 239 624 nec
263 559 412 644 pluteum
435 560 554 637 caedit,
576 578 637 623 uec
659 559 831 623 demorsos
853 557 941 639 sapit
964 556 1101 641 unguis!

224 671 293 738 Sed
315 672 394 756 quid
418 691 502 754 opus
523 681 655 735 teneras
679 669 824 734 mordaci
848 670 961 733 radere
982 689 1061 733 vero

179 784 364 849 auriculas?
386 785 461 848 vide
483 784 536 860 sis,
561 805 604 847 ne
627 783 789 847 maiorum
812 781 872 847 tibi
896 780 982 846 sorte

178 896 293 961 limina
316 895 510 981 frigescant:
533 905 631 961 sonat
653 894 707 959 hic
729 897 772 959 de
794 915 873 959 nare
895 894 1012 959 canina

179 1009 298 1076 littera.

311 1121 394 1184 ‘Per
417 1141 470 1185 me
493 1119 648 1204 equidem
671 1119 738 1185 sint
761 1119 872 1183 omnia
895 1118 1046 1202 protinus
1069 1117 1166 1194 alba;
1284 1143 1333 1179 110

181 1233 227 1297 nil
250 1253 371 1298 moror.
404 1232 508 1318 euge!
532 1253 658 1310 omnes,
681 1252 797 1296 omnes
819 1230 905 1295 bene
928 1231 1030 1295 mirae
1053 1231 1141 1294 eritis
1163 1251 1224 1295 res.

179 1345 244 1410 hoc
267 1346 383 1410 iuvat?
406 1344 516 1410 “hic”
540 1345 648 1427 inquis
670 1350 775 1408 “veto
794 1343 968 1427 quisquam
992 1342 1078 1408 laxit
1101 1338 1255 1407 oletum.''

181 1459 280 1541 pinge
302 1458 387 1523 duos
410 1458 548 1541 anguis:
572 1457 673 1542 pueri,
696 1477 788 1521 sacer
812 1465 861 1521 est
885 1456 986 1535 locus,
1009 1465 1107 1520 extra

182 1572 299 1636 meite!
323 1571 468 1636 discedo.
500 1570 603 1635 secuit
628 1569 773 1633 Lucilius
796 1571 920 1647 urbem,

181 1693 215 1749 te
239 1685 343 1767 Lupe,
366 1694 401 1748 te
425 1682 526 1761 Muci,
549 1693 582 1747 et
604 1683 785 1766 genuinum
810 1680 907 1764 fregit
930 1680 963 1744 in
987 1680 1059 1744 illis.
1287 1705 1334 1755 115

217 1862 285 1928 [105.
302 1863 397 1914 aitisu.
511 1872 566 1925 107.
583 1861 653 1911 verbo
665 1861 695 1911 C.
791 1861 845 1910 108.
863 1860 996 1910 sisom.u.
1111 1873 1336 1924 roccamartina.

185 1956 239 1992 110.
257 1942 351 1990 ahian.
406 1955 461 1990 111.
478 1956 612 1990 murorcu.
646 1939 934 2004 eugeomncsbeneuC.
989 1952 1044 2001 113.
1056 1937 1184 2004 pinguedo
1197 1937 1302 1999 sarrguis
1312 1952 1336 1984 0.

181 2019 251 2069 exitu
261 2037 285 2070 u.
355 2033 410 2083 114.
427 2019 478 2068 ntei
487 2018 551 2068 cedis
564 2018 691 2082 (mercedis
703 2016 733 2082 B)
746 2017 810 2067 sevit
820 2016 874 2066 cedo
885 2017 989 2066 lucilius
1000 2017 1035 2084 a]

182 2178 299 2244 linguas!
329 2179 489 2245 [Comificius
500 2180 534 2229 ad
545 2179 699 2229 Herennium
708 2196 732 2244 4.
784 2180 902 2244 listlessly
914 2181 1049 2245 drivelling
1060 2187 1103 2230 out
1115 2180 1154 2229 his
1165 2193 1254 2239 verses,
1266 2178 1337 2228 with·

185 2259 212 2294 ιι
234 2245 301 2294 ‘eius
313 2247 408 2310 generis
422 2245 489 2310 quod
502 2245 657 2309 appellamus
664 2245 734 2311 stuc·
785 2255 828 2296 out
840 2262 888 2310 any
898 2247 1010 2311 physical
1021 2247 1131 2296 exertion
1143 2260 1171 2295 or
1182 2260 1242 2295 even
1255 2259 1340 2294 move·

183 2318 260 2361 tuans
270 2317 294 2360 et
301 2311 457 2371 dissolutum,
470 2311 579 2375 eoquod
591 2311 644 2360 sine
654 2312 734 2360 nervis
785 2319 852 2361 ment
864 2312 893 2360 of
901 2313 1058 2376 impatience.

183 2384 207 2426 et
230 2376 341 2425 articulis
364 2376 466 2426 fluctuat
488 2377 536 2425 hnc
553 2383 578 2426 et
599 2376 669 2435 illuc,
689 2391 735 2426 nec
851 2381 954 2439 caedit,
985 2378 1037 2428 like
1072 2375 1191 2427 ‘caedere
1230 2374 1337 2424 ostium'

183 2449 265 2508 potest
288 2441 432 2491 confirmate
451 2458 530 2507 neque
558 2442 661 2492 viriliter
682 2458 736 2492 sese
785 2442 865 2494 Lucil.
888 2457 926 2507 ²9·
946 2457 985 2506 35.
1006 2443 1094 2492 Heinr.
1129 2439 1211 2492 Greek
1230 2439 1336 2488 κόπτειν.

184 2507 330 2572 expedire']
787 2508 908 2559 ‘Caedit'
926 2508 1061 2558 rhetorical
1078 2509 1117 2557 for
1130 2505 1245 2558 ‘caedere
1261 2503 1337 2556 iacit?

219 2586 273 2635 104.
293 2575 465 2631 columbina
474 2589 527 2622 rare
536 2573 612 2622 word.
631 2573 735 2624 Cic.0r.
786 2576 911 2640 Compare
926 2588 947 2623 2.
960 2575 992 2640 64
1004 2579 1011 2602 ⁴
1021 2575 1094 2624 Haec
1105 2574 1154 2622 sibi
1165 2578 1282 2635 corrupto
1299 2588 1339 2622 ca-

184 2637 216 2704 69
228 2636 737 2704 has‘concidatdelumbetqucsententias!
786 2641 850 2691 siam
869 2640 984 2690 dissolvit
1004 2640 1088 2689 olivo:
1107 2639 1179 2688 Haec
1202 2637 1338 2688 Calabrum

183 2705 245 2754 Tac.
258 2705 301 2755 Or.
316 2706 345 2754 18
358 2704 517 2754 ‘Ciceronem
534 2703 600 2754 male
612 2705 737 2754 audisses
787 2707 854 2757 coxit
866 2707 953 2756 vitiato
964 2706 1058 2755 murice
1066 2704 1161 2754 vellus!

184 2771 270 2828 Bruto,
293 2777 321 2819 ut
341 2769 418 2834 ipsius
435 2771 517 2819 verbis
536 2778 598 2832 utar,
618 2778 736 2836 tanquam
853 2776 996 2821 demorsos
1008 2774 1083 2828 sapit
1092 2773 1203 2828 unguis.
1222 2768 1340 2818 Imitated

184 2836 291 2886 fractum
303 2843 377 2900 atque
388 2835 529 2886 elumbem!
787 2836 851 2886 from
864 2838 928 2887 Hor.
941 2851 951 2886 1
963 2837 988 2886 S.
999 2850 1035 2886 10.
1048 2846 1087 2899 70,
1100 2835 1222 2898 speaking
1233 2834 1262 2883 os
1272 2834 1339 2883 what

251 2905 382 2951 delumbe
399 2937 405 2950 .
426 2937 432 2952 .
453 2937 459 2950 .
484 2905 547 2963 hoo,
559 2901 611 2952 like
625 2901 737 2952 ‘bellum
787 2903 898 2954 Lucilius
909 2903 984 2952 luiled
996 2910 1023 2952 to
1035 2903 1077 2963 do,
1092 2900 1130 2949 ‘iu
1142 2916 1213 2949 versu
1225 2899 1339 2950 faciendo

184 2965 247 3018 hoc-¹
787 2984 861 3032 saepe
883 2977 959 3032 caput
977 2968 1096 3027 scaberet,
1115 2967 1185 3015 athos
1203 2972 1228 3015 et
1245 2964 1341 3014 roderet

221 3046 275 3096 105.
292 3032 364 3081 With
388 3039 470 3082 natat
493 3032 583 3082 Heinr.
606 3048 736 3098 compares
786 3031 896 3098 ungues!

185 3098 272 3161 Quint.
292 3110 330 3148 ιο,
356 3110 377 3158 7.
403 3100 432 3147 28
457 3098 596 3148 ‘innatans
617 3099 662 3147 illa
684 3115 736 3148 ver·
785 3144 791 3153 ,
823 3109 943 3162 107·¹²3·
964 3100 995 3150 F.
1014 3100 1082 3149 Even
1100 3097 1122 3146 if
1138 3097 1188 3146 this
1210 3097 1241 3145 be
1263 3094 1339 3153 truth,

185 3163 274 3212 borum
291 3161 413 3212 facilitas?
448 3163 535 3212 Heinr.
557 3172 614 3227 puts
633 3179 649 3212 s
665 3165 737 3212 semi·
786 3164 844 3227 why
864 3165 908 3213 tell
930 3165 969 3214 itt
1010 3165 1068 3213 Yon
1096 3162 1149 3213 will
1174 3163 1234 3225 only
1258 3160 1341 3210 offend

185 3228 259 3278 colon
271 3227 333 3277 alter
344 3228 449 3277 ‘natat'
481 3227 548 3292 Jahn
563 3227 661 3292 (1843),
675 3229 737 3278 with
787 3228 859 3278 those
879 3229 962 3278 whom
980 3231 999 3280 it
1019 3231 1040 3279 is
1056 3245 1118 3293 your
1134 3229 1233 3278 interest
1251 3233 1295 3276 not
1313 3234 1340 3275 to

185 3293 228 3342 the
256 3301 311 3348 rest,
339 3294 400 3342 alter
429 3291 537 3343 ‘labris'
580 3294 690 3358 Perhaps
717 3295 738 3342 it
788 3294 878 3344 oflend.
912 3296 943 3345 P.
961 3295 1044 3359 ‘Very
1057 3294 1124 3355 well,
1145 3292 1300 3344 then-have
1321 3295 1341 3340 it

185 3357 268 3422 might
292 3358 322 3406 be
345 3359 424 3407 better
448 3365 475 3407 to
495 3357 568 3408 make
595 3359 673 3408 ‘hoc’
695 3360 738 3409 the
788 3376 850 3425 your
858 3377 915 3411 own
925 3377 1012 3424 wuy—
1032 3367 1060 3410 ut
1071 3377 1106 3425 up
1123 3375 1138 3408 a
1154 3359 1234 3408 board
1246 3358 1341 3423 against

185 3438 253 3473 nom.
264 3430 290 3472 to
313 3424 375 3472 both
399 3421 499 3472 ‘natat’
521 3424 570 3473 and
599 3422 666 3485 ‘est,’
689 3425 739 3474 aud
788 3426 924 3483 nuisances,
941 3427 990 3476 and
1008 3377 1092 3476 Ipwill
1110 3426 1177 3474 leave
1199 3439 1256 3488 you.
1294 3423 1342 3472 But

186 3494 232 3552 put
256 3488 375 3538 ‘Maenas
393 3496 417 3538 et
437 3487 519 3538 Attis'
544 3490 570 3540 in
595 3490 738 3555 apposition
789 3491 901 3541 Lucilius
930 3492 1049 3556 indulged
1083 3491 1122 3540 his
1150 3491 1264 3549 humour,
1292 3489 1342 3537 aud

185 3562 213 3604 to
224 3554 252 3604 it.
790 3557 891 3607 Horace
902 3557 950 3617 his,
963 3557 1061 3622 though
1076 3556 1102 3606 iu
1114 3572 1129 3605 a
1141 3555 1242 3620 quicker
1253 3570 1342 3618 way—

252 3622 283 3668 in
305 3623 364 3669 udo
386 3627 439 3670 est.
472 3620 537 3684 Jahn
558 3637 689 3686 compares
712 3621 739 3670 ἐν
788 3622 811 3672 is
823 3623 891 3673 there
908 3639 941 3672 no
957 3623 1030 3687 place
1040 3621 1216 3684 wherelmay
1227 3621 1289 3683 bury
1300 3635 1342 3681 my

186 3685 253 3747 ὑγρῷ
271 3683 366 3749 ἐστινὴ
383 3685 485 3749 γλῶττα
497 3686 611 3752 Theoph.
624 3687 663 3738 ch.
676 3689 700 3749 8,
713 3686 743 3738 of
790 3686 899 3738 secretl'
939 3690 970 3738 F.
987 3689 1069 3738 None.
1108 3689 1139 3737 P.
1157 3683 1342 3746 ‘Well,1will

186 3750 333 3801 atallrative
345 3767 410 3800 man
790 3753 886 3802 confide
904 3754 924 3803 it
940 3760 967 3802 to
983 3770 1025 3817 my
1037 3753 1121 3803 book:
1138 3751 1294 3802 listen—All
1302 3750 1343 3798 tiu

222 3815 276 3866 106.
295 3816 350 3867 The
373 3816 456 3867 Schol.
480 3832 547 3867 seem
569 3817 635 3881 right
650 3817 676 3866 in
698 3833 739 3867 ex·
790 3818 872 3868 world
885 3835 929 3868 are
946 3835 1018 3870 asses.
1051 3819 1140 3880 There,
1153 3818 1208 3868 that
1225 3817 1247 3866 is
1263 3814 1344 3865 worth

186 3879 301 3997 plaining
323 3886 454 3941 pluteum
476 3882 580 3932 hereos
599 3883 641 3932 the
663 3882 738 3932 back·
789 3884 1005 3948 ullyourlliads.'

206 3947 268 3996 oard
290 3947 320 3995 of
337 3948 380 3997 the
406 3947 536 3998 ‘lecticula
557 3947 737 3998 lucubratoria'
824 3959 878 4013 107.
895 3957 1007 4000 teneras
1019 3987 1025 4001 .
1039 3987 1045 4000 .
1058 3986 1064 3998 .
1076 3951 1226 4006 auriculas,
1240 3943 1344 3994 ‘molles

188 4015 224 4076 (v.
237 4014 367 4089 53n0te)..
390 4012 509 4076 ‘Sponda
519 4021 556 4063 est
565 4016 670 4063 exterior
681 4029 739 4078 pars
789 4014 929 4065 auriculae'
943 4015 1006 4065 Hor.
1021 4030 1033 4064 a
1046 4015 1072 4065 S.
1085 4028 1108 4078 5.
1123 4026 1162 4075 32.

187 4078 255 4140 lectr,
267 4079 371 4142 pluteus
386 4076 504 4128 interior.⁹
536 4079 666 4129 Suetonius
682 4080 737 4130 Cal.
854 4086 966 4130 teneras
976 4117 982 4129 .
993 4117 999 4130 .
1010 4083 1130 4130 ‚rudera
1151 4089 1230 4139 3.113
1243 4079 1301 4125 ‘ten

190 4141 220 4192 26
233 4144 347 4194 ‘cenanti
358 4144 435 4193 modo
444 4144 606 4209 adpluteum,
617 4144 694 4193 modo
706 4144 739 4192 ad
790 4144 851 4195 latet
874 4147 944 4196 ulcus
964 4145 989 4194 in
1009 4160 1054 4195 ore
1076 4145 1159 4201 Putre,
1181 4140 1250 4206 quod
1277 4142 1344 4190 hand

188 4209 264 4275 pedes
275 4207 353 4259 stare?
376 4209 451 4274 Prop.
464 4224 487 4272 4.
500 4212 523 4260 8.
534 4208 566 4258 68
580 4209 738 4273 ‘Lygdamus
786 4209 873 4261 deceat
884 4211 982 4276 plebeia
993 4211 1080 4260 radere
1091 4208 1163 4258 beta!

188 4275 222 4325 ad
243 4273 322 4340 plutei
339 4275 415 4325 fulcra
434 4276 533 4325 sinistra
554 4273 649 4325 lateus’
682 4274 739 4325 The
854 4278 988 4326 mordaci.
1024 4287 1046 4337 5.
1065 4273 1097 4323 86
1117 4277 1216 4323 ‘aurem
1234 4272 1345 4322 mordaci

189 4356 247 4391 man
264 4340 310 4392 lies
327 4357 360 4392 on
376 4340 415 4392 his
430 4341 510 4393 conch
527 4341 590 4392 aster
606 4340 646 4392 his
662 4339 738 4404 meal,
788 4339 856 4393 lotus
883 4339 974 4394 aceto!
1009 4339 1131 4390 ‘Mendax
1158 4338 1260 4399 rerum,'
1294 4337 1345 4389 like
