<?xml version="1.0" encoding="UTF-8"?>
<!DOCTYPE html PUBLIC "-//W3C//DTD XHTML 1.0 Transitional//EN"
    "http://www.w3.org/TR/xhtml1/DTD/xhtml1-transitional.dtd">
<html xmlns="http://www.w3.org/1999/xhtml" xml:lang="en" lang="en">
 <head>
  <title>
</title>
<meta http-equiv="Content-Type" content="text/html;charset=utf-8" />
  <meta name='ocr-system' content='tesseract 3.04.00' />
  <meta name='ocr-capabilities' content='ocr_page ocr_carea ocr_par ocr_line ocrx_word'/>
</head>
<body>
  <div class='ocr_page' id='page_1' title='image "./satiresapersius01nettgoog_0095.png"; bbox 0 0 3036 5034; ppageno 0'>
   <div class='ocr_carea' id='block_1_1' title="bbox 218 278 870 359">
    <p class='ocr_par' dir='ltr' id='par_1_1' title="bbox 218 278 870 359">
     <span class='ocr_line' id='line_1_1' title="bbox 218 278 870 359; baseline 0 -15"><span class='ocrx_word' id='word_1_1' title='bbox 218 280 261 359; x_wconf 87' lang='lat'>48</span> <span class='ocrx_word' id='word_1_2' title='bbox 713 278 870 346; x_wconf 88' lang='lat' dir='ltr'>PERSII</span> 
     </span>
    </p>
   </div>
   <div class='ocr_carea' id='block_1_2' title="bbox 215 449 1372 1095">
    <p class='ocr_par' dir='ltr' id='par_1_2' title="bbox 215 449 1372 650">
     <span class='ocr_line' id='line_1_2' title="bbox 215 449 1372 536; baseline -0.003 -18"><span class='ocrx_word' id='word_1_3' title='bbox 215 472 338 536; x_wconf 86' lang='lat' dir='ltr'>nempe</span> <span class='ocrx_word' id='word_1_4' title='bbox 360 452 423 517; x_wconf 92' lang='lat' dir='ltr'>hoc</span> <span class='ocrx_word' id='word_1_5' title='bbox 445 452 536 535; x_wconf 91' lang='lat' dir='ltr'>quod</span> <span class='ocrx_word' id='word_1_6' title='bbox 557 451 679 516; x_wconf 89' lang='lat' dir='ltr'>Veneri</span> <span class='ocrx_word' id='word_1_7' title='bbox 702 452 847 527; x_wconf 88' lang='lat' dir='ltr'>donatae</span> <span class='ocrx_word' id='word_1_8' title='bbox 865 472 885 515; x_wconf 90' lang='lat' dir='ltr'>a</span> <span class='ocrx_word' id='word_1_9' title='bbox 908 449 1031 535; x_wconf 86' lang='lat' dir='ltr'>virgine</span> <span class='ocrx_word' id='word_1_10' title='bbox 1054 471 1171 535; x_wconf 87' lang='lat' dir='ltr'>pupae.</span> <span class='ocrx_word' id='word_1_11' title='bbox 1339 472 1372 527; x_wconf 84' lang='lat'>70</span> 
     </span>
     <span class='ocr_line' id='line_1_3' title="bbox 218 561 1199 650; baseline -0.003 -21"><span class='ocrx_word' id='word_1_12' title='bbox 218 565 299 650; x_wconf 90' lang='lat' dir='ltr'>quin</span> <span class='ocrx_word' id='word_1_13' title='bbox 322 565 440 630; x_wconf 89' lang='lat' dir='ltr'>damus</span> <span class='ocrx_word' id='word_1_14' title='bbox 462 565 495 629; x_wconf 92' lang='lat' dir='ltr'>id</span> <span class='ocrx_word' id='word_1_15' title='bbox 518 563 654 649; x_wconf 89' lang='lat' dir='ltr'>superis,</span> <span class='ocrx_word' id='word_1_16' title='bbox 676 563 719 627; x_wconf 89' lang='lat' dir='ltr'>de</span> <span class='ocrx_word' id='word_1_17' title='bbox 743 584 865 648; x_wconf 89' lang='lat' dir='ltr'>magna</span> <span class='ocrx_word' id='word_1_18' title='bbox 887 562 978 646; x_wconf 93' lang='lat' dir='ltr'>quod</span> <span class='ocrx_word' id='word_1_19' title='bbox 1002 563 1082 627; x_wconf 89' lang='lat' dir='ltr'>dare</span> <span class='ocrx_word' id='word_1_20' title='bbox 1104 561 1199 629; x_wconf 84' lang='lat' dir='ltr'>lance</span> 
     </span>
    </p>

    <p class='ocr_par' dir='ltr' id='par_1_3' title="bbox 221 674 1052 762">
     <span class='ocr_line' id='line_1_4' title="bbox 221 674 1052 762; baseline -0.006 -20"><span class='ocrx_word' id='word_1_21' title='bbox 221 698 286 742; x_wconf 89' lang='lat' dir='ltr'>non</span> <span class='ocrx_word' id='word_1_22' title='bbox 310 678 413 762; x_wconf 84' lang='lat' dir='ltr'>possit</span> <span class='ocrx_word' id='word_1_23' title='bbox 436 677 546 760; x_wconf 89' lang='lat' dir='ltr'>magni</span> <span class='ocrx_word' id='word_1_24' title='bbox 570 675 747 741; x_wconf 83' lang='lat' dir='ltr'>Messallae</span> <span class='ocrx_word' id='word_1_25' title='bbox 768 674 861 760; x_wconf 91' lang='lat' dir='ltr'>lippa</span> <span class='ocrx_word' id='word_1_26' title='bbox 884 696 1052 759; x_wconf 85' lang='lat' dir='ltr'>propago:</span> 
     </span>
    </p>

    <p class='ocr_par' dir='ltr' id='par_1_4' title="bbox 220 789 1167 874">
     <span class='ocr_line' id='line_1_5' title="bbox 220 789 1167 874; baseline -0.005 -19"><span class='ocrx_word' id='word_1_27' title='bbox 220 791 430 874; x_wconf 90' lang='lat' dir='ltr'>conpositum</span> <span class='ocrx_word' id='word_1_28' title='bbox 454 790 504 854; x_wconf 92' lang='lat' dir='ltr'>ius</span> <span class='ocrx_word' id='word_1_29' title='bbox 526 789 641 871; x_wconf 84' lang='lat' dir='ltr'>sasque</span> <span class='ocrx_word' id='word_1_30' title='bbox 663 789 775 853; x_wconf 88' lang='lat' dir='ltr'>animo</span> <span class='ocrx_word' id='word_1_31' title='bbox 798 797 997 870; x_wconf 89' lang='lat' dir='ltr'>sanctosque</span> <span class='ocrx_word' id='word_1_32' title='bbox 1020 806 1167 852; x_wconf 89' lang='lat' dir='ltr'>recessus</span> 
     </span>
    </p>

    <p class='ocr_par' dir='ltr' id='par_1_5' title="bbox 221 899 1081 986">
     <span class='ocr_line' id='line_1_6' title="bbox 221 899 1081 986; baseline -0.005 -19"><span class='ocrx_word' id='word_1_33' title='bbox 221 903 340 969; x_wconf 90' lang='lat' dir='ltr'>mentis</span> <span class='ocrx_word' id='word_1_34' title='bbox 362 911 396 967; x_wconf 89' lang='lat' dir='ltr'>et</span> <span class='ocrx_word' id='word_1_35' title='bbox 419 903 586 967; x_wconf 89' lang='lat' dir='ltr'>incoctum</span> <span class='ocrx_word' id='word_1_36' title='bbox 608 921 768 986; x_wconf 84' lang='lat' dir='ltr'>generoso</span> <span class='ocrx_word' id='word_1_37' title='bbox 791 908 908 985; x_wconf 88' lang='lat' dir='ltr'>pectus</span> <span class='ocrx_word' id='word_1_38' title='bbox 930 899 1081 964; x_wconf 90' lang='lat' dir='ltr'>honesto.</span> 
     </span>
    </p>

    <p class='ocr_par' dir='ltr' id='par_1_6' title="bbox 219 1010 1372 1095">
     <span class='ocr_line' id='line_1_7' title="bbox 219 1010 1372 1095; baseline -0.005 -15"><span class='ocrx_word' id='word_1_39' title='bbox 219 1015 301 1080; x_wconf 88' lang='lat' dir='ltr'>haec</span> <span class='ocrx_word' id='word_1_40' title='bbox 325 1015 407 1080; x_wconf 93' lang='lat' dir='ltr'>cedo</span> <span class='ocrx_word' id='word_1_41' title='bbox 430 1024 466 1080; x_wconf 91' lang='lat' dir='ltr'>ut</span> <span class='ocrx_word' id='word_1_42' title='bbox 486 1015 682 1080; x_wconf 87' lang='lat' dir='ltr'>admoveam</span> <span class='ocrx_word' id='word_1_43' title='bbox 704 1011 837 1095; x_wconf 89' lang='lat' dir='ltr'>templis</span> <span class='ocrx_word' id='word_1_44' title='bbox 861 1019 895 1076; x_wconf 91' lang='lat' dir='ltr'>et</span> <span class='ocrx_word' id='word_1_45' title='bbox 917 1010 1002 1077; x_wconf 85' lang='lat' dir='ltr'>farre</span> <span class='ocrx_word' id='word_1_46' title='bbox 1025 1011 1139 1076; x_wconf 90' lang='lat' dir='ltr'>litabo.</span> <span class='ocrx_word' id='word_1_47' title='bbox 1342 1034 1372 1088; x_wconf 88' lang='lat'>75</span> 
     </span>
    </p>
   </div>
   <div class='ocr_carea' id='block_1_3' title="bbox 220 1216 1374 1360">
    <p class='ocr_par' dir='ltr' id='par_1_7' title="bbox 220 1216 1374 1360">
     <span class='ocr_line' id='line_1_8' title="bbox 254 1216 1373 1283; baseline -0.002 -15"><span class='ocrx_word' id='word_1_48' title='bbox 254 1219 304 1283; x_wconf 84' lang='lat'>[70.</span> <span class='ocrx_word' id='word_1_49' title='bbox 322 1235 338 1268; x_wconf 86' lang='lat' dir='ltr'>a</span> <span class='ocrx_word' id='word_1_50' title='bbox 355 1234 407 1269; x_wconf 92' lang='lat' dir='ltr'>om.</span> <span class='ocrx_word' id='word_1_51' title='bbox 422 1235 447 1268; x_wconf 86' lang='lat' dir='ltr'>a.</span> <span class='ocrx_word' id='word_1_52' title='bbox 532 1228 571 1282; x_wconf 82' lang='lat'>72.</span> <span class='ocrx_word' id='word_1_53' title='bbox 589 1217 704 1266; x_wconf 80' lang='lat' dir='ltr'>messalae</span> <span class='ocrx_word' id='word_1_54' title='bbox 715 1217 747 1278; x_wconf 91' lang='lat' dir='ltr'>C,</span> <span class='ocrx_word' id='word_1_55' title='bbox 763 1217 867 1266; x_wconf 82' lang='lat' dir='ltr'>messala</span> <span class='ocrx_word' id='word_1_56' title='bbox 883 1232 907 1266; x_wconf 86' lang='lat' dir='ltr'>a.</span> <span class='ocrx_word' id='word_1_57' title='bbox 991 1226 1031 1280; x_wconf 78' lang='lat'>73.</span> <span class='ocrx_word' id='word_1_58' title='bbox 1048 1217 1171 1266; x_wconf 80' lang='lat' dir='ltr'>animimo</span> <span class='ocrx_word' id='word_1_59' title='bbox 1188 1217 1216 1277; x_wconf 86' lang='lat' dir='ltr'>B,</span> <span class='ocrx_word' id='word_1_60' title='bbox 1234 1217 1332 1266; x_wconf 80' lang='lat' dir='ltr'>animos</span> <span class='ocrx_word' id='word_1_61' title='bbox 1343 1216 1373 1275; x_wconf 89' lang='lat' dir='ltr'>C,</span> 
     </span>
     <span class='ocr_line' id='line_1_9' title="bbox 220 1294 1374 1360; baseline -0.002 -13"><span class='ocrx_word' id='word_1_62' title='bbox 220 1298 306 1347; x_wconf 83' lang='lat' dir='ltr'>animi</span> <span class='ocrx_word' id='word_1_63' title='bbox 313 1296 343 1356; x_wconf 68' lang='grc' dir='ltr'>θ’,</span> <span class='ocrx_word' id='word_1_64' title='bbox 354 1297 426 1347; x_wconf 88' lang='lat' dir='ltr'>Lact.</span> <span class='ocrx_word' id='word_1_65' title='bbox 435 1296 456 1346; x_wconf 94' lang='lat' dir='ltr'>I.</span> <span class='ocrx_word' id='word_1_66' title='bbox 465 1296 500 1347; x_wconf 92' lang='lat' dir='ltr'>D.</span> <span class='ocrx_word' id='word_1_67' title='bbox 509 1310 563 1360; x_wconf 83' lang='lat'><strong>²·4·</strong></span> <span class='ocrx_word' id='word_1_68' title='bbox 573 1308 611 1346; x_wconf 90' lang='lat'>11.</span> <span class='ocrx_word' id='word_1_69' title='bbox 662 1305 701 1358; x_wconf 70' lang='lat'>74.</span> <span class='ocrx_word' id='word_1_70' title='bbox 712 1294 841 1344; x_wconf 79' lang='lat' dir='ltr'>homstum</span> <span class='ocrx_word' id='word_1_71' title='bbox 853 1312 876 1344; x_wconf 87' lang='lat' dir='ltr'>a.</span> <span class='ocrx_word' id='word_1_72' title='bbox 927 1303 966 1360; x_wconf 80' lang='lat'>75.</span> <span class='ocrx_word' id='word_1_73' title='bbox 982 1294 1128 1345; x_wconf 72' lang='lat' dir='ltr'>arlmomam</span> <span class='ocrx_word' id='word_1_74' title='bbox 1137 1295 1165 1352; x_wconf 88' lang='grc' dir='ltr'>Β,</span> <span class='ocrx_word' id='word_1_75' title='bbox 1174 1295 1321 1345; x_wconf 82' lang='lat' dir='ltr'>admoveant</span> <span class='ocrx_word' id='word_1_76' title='bbox 1331 1294 1374 1358; x_wconf 91' lang='lat' dir='ltr'>C.]</span> 
     </span>
    </p>
   </div>
   <div class='ocr_carea' id='block_1_4' title="bbox 220 1468 1379 2507">
    <p class='ocr_par' dir='ltr' id='par_1_8' title="bbox 220 1468 1379 2507">
     <span class='ocr_line' id='line_1_10' title="bbox 220 1468 1375 1535; baseline -0.003 -14"><span class='ocrx_word' id='word_1_77' title='bbox 220 1471 328 1535; x_wconf 84' lang='lat' dir='ltr'>thought</span> <span class='ocrx_word' id='word_1_78' title='bbox 354 1470 411 1520; x_wconf 92' lang='lat' dir='ltr'>Sen.</span> <span class='ocrx_word' id='word_1_79' title='bbox 435 1471 505 1521; x_wconf 81' lang='lat' dir='ltr'>Prov.</span> <span class='ocrx_word' id='word_1_80' title='bbox 531 1484 553 1533; x_wconf 87' lang='lat'>5.</span> <span class='ocrx_word' id='word_1_81' title='bbox 578 1484 590 1519; x_wconf 82' lang='lat' dir='ltr'>a</span> <span class='ocrx_word' id='word_1_82' title='bbox 616 1470 689 1519; x_wconf 84' lang='lat' dir='ltr'>‘Non</span> <span class='ocrx_word' id='word_1_83' title='bbox 717 1478 773 1518; x_wconf 87' lang='lat' dir='ltr'>sunt</span> <span class='ocrx_word' id='word_1_84' title='bbox 823 1469 862 1518; x_wconf 89' lang='lat' dir='ltr'>dis</span> <span class='ocrx_word' id='word_1_85' title='bbox 889 1485 984 1534; x_wconf 87' lang='lat' dir='ltr'>pauper</span> <span class='ocrx_word' id='word_1_86' title='bbox 1011 1468 1076 1519; x_wconf 84' lang='lat' dir='ltr'>libat</span> <span class='ocrx_word' id='word_1_87' title='bbox 1098 1485 1183 1519; x_wconf 82' lang='lat' dir='ltr'>auersa</span> <span class='ocrx_word' id='word_1_88' title='bbox 1205 1469 1273 1519; x_wconf 88' lang='lat' dir='ltr'>Tura</span> <span class='ocrx_word' id='word_1_89' title='bbox 1294 1469 1375 1519; x_wconf 86' lang='lat' dir='ltr'>minus</span> 
     </span>
     <span class='ocr_line' id='line_1_11' title="bbox 222 1533 1374 1600; baseline -0.003 -15"><span class='ocrx_word' id='word_1_90' title='bbox 222 1538 323 1587; x_wconf 80' lang='lat' dir='ltr'>divitiae</span> <span class='ocrx_word' id='word_1_91' title='bbox 340 1538 447 1596; x_wconf 78' lang='lat' dir='ltr'>bonum3</span> <span class='ocrx_word' id='word_1_92' title='bbox 464 1537 549 1600; x_wconf 86' lang='lat' dir='ltr'>itaque</span> <span class='ocrx_word' id='word_1_93' title='bbox 565 1536 657 1586; x_wconf 86' lang='lat' dir='ltr'>habeat</span> <span class='ocrx_word' id='word_1_94' title='bbox 675 1535 732 1584; x_wconf 89' lang='lat' dir='ltr'>illas</span> <span class='ocrx_word' id='word_1_95' title='bbox 749 1542 774 1584; x_wconf 89' lang='lat' dir='ltr'>et</span> <span class='ocrx_word' id='word_1_96' title='bbox 820 1535 918 1599; x_wconf 73' lang='lat' dir='ltr'>grandi</span> <span class='ocrx_word' id='word_1_97' title='bbox 927 1550 1003 1599; x_wconf 92' lang='lat' dir='ltr'>quam</span> <span class='ocrx_word' id='word_1_98' title='bbox 1014 1533 1255 1585; x_wconf 80' lang='lat' dir='ltr'>datalancevalent.&#39;</span> <span class='ocrx_word' id='word_1_99' title='bbox 1290 1536 1374 1584; x_wconf 85' lang='lat' dir='ltr'>‘Lon-</span> 
     </span>
     <span class='ocr_line' id='line_1_12' title="bbox 223 1600 1376 1666; baseline -0.003 -14"><span class='ocrx_word' id='word_1_100' title='bbox 223 1601 292 1652; x_wconf 88' lang='lat' dir='ltr'>Elius</span> <span class='ocrx_word' id='word_1_101' title='bbox 309 1602 375 1665; x_wconf 86' lang='lat' dir='ltr'>leno,</span> <span class='ocrx_word' id='word_1_102' title='bbox 392 1609 420 1652; x_wconf 91' lang='lat' dir='ltr'>ut</span> <span class='ocrx_word' id='word_1_103' title='bbox 436 1602 549 1651; x_wconf 92' lang='lat' dir='ltr'>homines</span> <span class='ocrx_word' id='word_1_104' title='bbox 566 1601 705 1666; x_wconf 84' lang='lat' dir='ltr'>pecuniam,</span> <span class='ocrx_word' id='word_1_105' title='bbox 717 1616 774 1651; x_wconf 90' lang='lat' dir='ltr'>cum</span> <span class='ocrx_word' id='word_1_106' title='bbox 823 1601 892 1649; x_wconf 82' lang='lat' dir='ltr'>cibus</span> <span class='ocrx_word' id='word_1_107' title='bbox 901 1611 925 1650; x_wconf 85' lang='lat' dir='ltr'>et</span> <span class='ocrx_word' id='word_1_108' title='bbox 938 1600 1027 1664; x_wconf 85' lang='lat' dir='ltr'>pandis</span> <span class='ocrx_word' id='word_1_109' title='bbox 1038 1600 1159 1650; x_wconf 75' lang='lat' dir='ltr'><strong>fumantia</strong></span> <span class='ocrx_word' id='word_1_110' title='bbox 1170 1600 1295 1651; x_wconf 86' lang='lat' dir='ltr'>reddimus</span> <span class='ocrx_word' id='word_1_111' title='bbox 1303 1601 1376 1649; x_wconf 84' lang='lat' dir='ltr'>exta&#39;</span> 
     </span>
     <span class='ocr_line' id='line_1_13' title="bbox 221 1664 1379 1732; baseline -0.003 -14"><span class='ocrx_word' id='word_1_112' title='bbox 221 1669 248 1718; x_wconf 93' lang='lat' dir='ltr'>in</span> <span class='ocrx_word' id='word_1_113' title='bbox 260 1667 361 1732; x_wconf 89' lang='lat' dir='ltr'>templis</span> <span class='ocrx_word' id='word_1_114' title='bbox 377 1667 581 1728; x_wconf 81' lang='lat' dir='ltr'>consecraverint,</span> <span class='ocrx_word' id='word_1_115' title='bbox 592 1667 692 1717; x_wconf 72' lang='lat' dir='ltr'>videant</span> <span class='ocrx_word' id='word_1_116' title='bbox 707 1674 732 1716; x_wconf 89' lang='lat' dir='ltr'>et</span> <span class='ocrx_word' id='word_1_117' title='bbox 748 1667 773 1717; x_wconf 91' lang='lat' dir='ltr'>in</span> <span class='ocrx_word' id='word_1_118' title='bbox 824 1665 894 1729; x_wconf 85' lang='lat' dir='ltr'>Virg.</span> <span class='ocrx_word' id='word_1_119' title='bbox 911 1666 942 1715; x_wconf 91' lang='lat' dir='ltr'>G.</span> <span class='ocrx_word' id='word_1_120' title='bbox 962 1680 984 1715; x_wconf 80' lang='lat' dir='ltr'>a.</span> <span class='ocrx_word' id='word_1_121' title='bbox 1004 1678 1059 1730; x_wconf 81' lang='lat'>194,</span> <span class='ocrx_word' id='word_1_122' title='bbox 1075 1665 1199 1731; x_wconf 84' lang='lat' dir='ltr'>probably</span> <span class='ocrx_word' id='word_1_123' title='bbox 1214 1666 1255 1717; x_wconf 89' lang='lat' dir='ltr'>the</span> <span class='ocrx_word' id='word_1_124' title='bbox 1271 1665 1332 1714; x_wconf 87' lang='lat' dir='ltr'>kind</span> <span class='ocrx_word' id='word_1_125' title='bbox 1349 1664 1379 1714; x_wconf 82' lang='lat' dir='ltr'>of</span> 
     </span>
     <span class='ocr_line' id='line_1_14' title="bbox 222 1730 1374 1797; baseline -0.003 -15"><span class='ocrx_word' id='word_1_126' title='bbox 222 1733 332 1784; x_wconf 64' lang='lat' dir='ltr'>fornice)</span> <span class='ocrx_word' id='word_1_127' title='bbox 368 1734 498 1784; x_wconf 77' lang='lat' dir='ltr'>Petronius</span> <span class='ocrx_word' id='word_1_128' title='bbox 517 1734 548 1781; x_wconf 87' lang='lat'>88</span> <span class='ocrx_word' id='word_1_129' title='bbox 570 1732 640 1797; x_wconf 86' lang='lat' dir='ltr'>‘ipse</span> <span class='ocrx_word' id='word_1_130' title='bbox 666 1738 774 1789; x_wconf 87' lang='lat' dir='ltr'>senatus,</span> <span class='ocrx_word' id='word_1_131' title='bbox 824 1731 929 1795; x_wconf 83' lang='lat' dir='ltr'>ollering</span> <span class='ocrx_word' id='word_1_132' title='bbox 944 1731 1051 1796; x_wconf 83' lang='lat' dir='ltr'>glanced</span> <span class='ocrx_word' id='word_1_133' title='bbox 1067 1738 1093 1781; x_wconf 88' lang='lat' dir='ltr'>at</span> <span class='ocrx_word' id='word_1_134' title='bbox 1116 1732 1149 1795; x_wconf 89' lang='lat' dir='ltr'>by</span> <span class='ocrx_word' id='word_1_135' title='bbox 1164 1732 1269 1782; x_wconf 79' lang='lat' dir='ltr'>Persius.</span> <span class='ocrx_word' id='word_1_136' title='bbox 1304 1730 1374 1781; x_wconf 88' lang='lat' dir='ltr'>With</span> 
     </span>
     <span class='ocr_line' id='line_1_15' title="bbox 222 1794 1374 1863; baseline -0.003 -15"><span class='ocrx_word' id='word_1_137' title='bbox 222 1799 283 1848; x_wconf 88' lang='lat' dir='ltr'>recti</span> <span class='ocrx_word' id='word_1_138' title='bbox 303 1800 410 1863; x_wconf 88' lang='lat' dir='ltr'>bonique</span> <span class='ocrx_word' id='word_1_139' title='bbox 428 1804 580 1863; x_wconf 87' lang='lat' dir='ltr'>praeceptor,</span> <span class='ocrx_word' id='word_1_140' title='bbox 600 1797 671 1847; x_wconf 91' lang='lat' dir='ltr'>mille</span> <span class='ocrx_word' id='word_1_141' title='bbox 689 1797 774 1862; x_wconf 86' lang='lat' dir='ltr'>pondo</span> <span class='ocrx_word' id='word_1_142' title='bbox 825 1797 867 1848; x_wconf 92' lang='lat' dir='ltr'>the</span> <span class='ocrx_word' id='word_1_143' title='bbox 879 1794 1374 1861; x_wconf 83' lang='lat' dir='ltr'>ironicalrepetition‘magna-msgni&#39;</span> 
     </span>
     <span class='ocr_line' id='line_1_16' title="bbox 222 1860 1375 1938; baseline -0.003 -24"><span class='ocrx_word' id='word_1_144' title='bbox 222 1865 276 1914; x_wconf 83' lang='lat' dir='ltr'>auri</span> <span class='ocrx_word' id='word_1_145' title='bbox 296 1864 425 1928; x_wconf 89' lang='lat' dir='ltr'>Capitolio</span> <span class='ocrx_word' id='word_1_146' title='bbox 446 1865 590 1927; x_wconf 86' lang='lat' dir='ltr'>promittere</span> <span class='ocrx_word' id='word_1_147' title='bbox 609 1861 681 1922; x_wconf 87' lang='lat' dir='ltr'>solet,</span> <span class='ocrx_word' id='word_1_148' title='bbox 701 1871 724 1911; x_wconf 91' lang='lat' dir='ltr'>et</span> <span class='ocrx_word' id='word_1_149' title='bbox 743 1877 774 1910; x_wconf 91' lang='lat' dir='ltr'>ne</span> <span class='ocrx_word' id='word_1_150' title='bbox 826 1877 943 1938; x_wconf 85' lang='lat' dir='ltr'>compare</span> <span class='ocrx_word' id='word_1_151' title='bbox 957 1862 1020 1912; x_wconf 89' lang='lat' dir='ltr'>Hor.</span> <span class='ocrx_word' id='word_1_152' title='bbox 1038 1876 1048 1911; x_wconf 92' lang='lat'>1</span> <span class='ocrx_word' id='word_1_153' title='bbox 1069 1862 1095 1912; x_wconf 93' lang='lat' dir='ltr'>S.</span> <span class='ocrx_word' id='word_1_154' title='bbox 1111 1860 1135 1910; x_wconf 89' lang='lat'>6.</span> <span class='ocrx_word' id='word_1_155' title='bbox 1154 1872 1183 1926; x_wconf 80' lang='lat'>72</span> <span class='ocrx_word' id='word_1_156' title='bbox 1197 1863 1308 1925; x_wconf 77' lang='lat' dir='ltr'>‘Magni</span> <span class='ocrx_word' id='word_1_157' title='bbox 1318 1863 1375 1926; x_wconf 86' lang='lat' dir='ltr'>Quo</span> 
     </span>
     <span class='ocr_line' id='line_1_17' title="bbox 240 1925 1375 1993; baseline -0.003 -15"><span class='ocrx_word' id='word_1_158' title='bbox 240 1931 278 1978; x_wconf 88' lang='lat' dir='ltr'>nis</span> <span class='ocrx_word' id='word_1_159' title='bbox 305 1930 403 1979; x_wconf 90' lang='lat' dir='ltr'>dubitet</span> <span class='ocrx_word' id='word_1_160' title='bbox 430 1929 561 1993; x_wconf 89' lang='lat' dir='ltr'>pecuniam</span> <span class='ocrx_word' id='word_1_161' title='bbox 593 1929 774 1993; x_wconf 88' lang='lat' dir='ltr'>concupisoere,</span> <span class='ocrx_word' id='word_1_162' title='bbox 844 1943 903 1988; x_wconf 86' lang='lat' dir='ltr'>nen,</span> <span class='ocrx_word' id='word_1_163' title='bbox 932 1927 1032 1992; x_wconf 80' lang='lat' dir='ltr'>magnis</span> <span class='ocrx_word' id='word_1_164' title='bbox 1060 1943 1074 1978; x_wconf 88' lang='lat' dir='ltr'>e</span> <span class='ocrx_word' id='word_1_165' title='bbox 1102 1927 1283 1978; x_wconf 84' lang='lat' dir='ltr'>centurionibus</span> <span class='ocrx_word' id='word_1_166' title='bbox 1310 1925 1375 1977; x_wconf 68' lang='lat' dir='ltr'>orti!</span> 
     </span>
     <span class='ocr_line' id='line_1_18' title="bbox 222 1943 1375 2060; baseline -0.001 -16"><span class='ocrx_word' id='word_1_167' title='bbox 222 1945 309 2045; x_wconf 74' lang='lat' dir='ltr'>lovem</span> <span class='ocrx_word' id='word_1_168' title='bbox 320 2010 418 2060; x_wconf 89' lang='lat' dir='ltr'>quoque</span> <span class='ocrx_word' id='word_1_169' title='bbox 429 1993 529 2058; x_wconf 92' lang='lat' dir='ltr'>peculio</span> <span class='ocrx_word' id='word_1_170' title='bbox 539 1992 671 2056; x_wconf 87' lang='lat' dir='ltr'>exomat.&#39;]</span> <span class='ocrx_word' id='word_1_171' title='bbox 827 1943 999 2057; x_wconf 70' lang='lat' dir='ltr'>l‘Porrectm</span> <span class='ocrx_word' id='word_1_172' title='bbox 1019 2007 1108 2058; x_wconf 77' lang='lat' dir='ltr'>magno</span> <span class='ocrx_word' id='word_1_173' title='bbox 1126 2008 1246 2057; x_wconf 78' lang='lat' dir='ltr'>magnum</span> <span class='ocrx_word' id='word_1_174' title='bbox 1265 2000 1375 2058; x_wconf 85' lang='lat' dir='ltr'>spectare</span> 
     </span>
     <span class='ocr_line' id='line_1_19' title="bbox 258 2057 1277 2124; baseline -0.002 -16"><span class='ocrx_word' id='word_1_175' title='bbox 258 2070 296 2124; x_wconf 82' lang='lat'>70.</span> <span class='ocrx_word' id='word_1_176' title='bbox 316 2058 523 2109; x_wconf 84' lang='lat' dir='ltr'>‘Solebanteuim</span> <span class='ocrx_word' id='word_1_177' title='bbox 531 2059 776 2122; x_wconf 84' lang='lat' dir='ltr'>virginesantequam</span> <span class='ocrx_word' id='word_1_178' title='bbox 826 2059 909 2108; x_wconf 86' lang='lat' dir='ltr'>catino</span> <span class='ocrx_word' id='word_1_179' title='bbox 921 2057 1035 2108; x_wconf 86' lang='lat' dir='ltr'>Vellem&#39;</span> <span class='ocrx_word' id='word_1_180' title='bbox 1048 2059 1112 2108; x_wconf 87' lang='lat' dir='ltr'>Hor.</span> <span class='ocrx_word' id='word_1_181' title='bbox 1126 2073 1138 2108; x_wconf 81' lang='lat' dir='ltr'>a</span> <span class='ocrx_word' id='word_1_182' title='bbox 1151 2059 1176 2109; x_wconf 89' lang='lat' dir='ltr'>S.</span> <span class='ocrx_word' id='word_1_183' title='bbox 1190 2072 1212 2107; x_wconf 80' lang='lat' dir='ltr'>a.</span> <span class='ocrx_word' id='word_1_184' title='bbox 1224 2058 1277 2122; x_wconf 68' lang='lat'>39]</span> 
     </span>
     <span class='ocr_line' id='line_1_20' title="bbox 223 2123 1375 2190; baseline -0.003 -14"><span class='ocrx_word' id='word_1_185' title='bbox 223 2127 341 2176; x_wconf 83' lang='lat' dir='ltr'>nuberent</span> <span class='ocrx_word' id='word_1_186' title='bbox 349 2124 471 2190; x_wconf 86' lang='lat' dir='ltr'>quaedam</span> <span class='ocrx_word' id='word_1_187' title='bbox 482 2125 630 2188; x_wconf 84' lang='lat' dir='ltr'>virginitatis</span> <span class='ocrx_word' id='word_1_188' title='bbox 641 2139 699 2173; x_wconf 88' lang='lat' dir='ltr'>suae</span> <span class='ocrx_word' id='word_1_189' title='bbox 711 2124 777 2173; x_wconf 85' lang='lat' dir='ltr'>dona</span> <span class='ocrx_word' id='word_1_190' title='bbox 856 2132 894 2187; x_wconf 83' lang='lat'>7²·</span> <span class='ocrx_word' id='word_1_191' title='bbox 908 2127 1058 2173; x_wconf 78' lang='lat' dir='ltr'>Messallae</span> <span class='ocrx_word' id='word_1_192' title='bbox 1065 2127 1145 2182; x_wconf 81' lang='lat' dir='ltr'>ltpps</span> <span class='ocrx_word' id='word_1_193' title='bbox 1150 2139 1283 2182; x_wconf 70' lang='lat' dir='ltr'>propago.</span> <span class='ocrx_word' id='word_1_194' title='bbox 1301 2123 1375 2172; x_wconf 85' lang='lat' dir='ltr'>‘Cot-</span> 
     </span>
     <span class='ocr_line' id='line_1_21' title="bbox 224 2186 1376 2254; baseline 0 -16"><span class='ocrx_word' id='word_1_195' title='bbox 224 2191 314 2240; x_wconf 85' lang='lat' dir='ltr'>Veneri</span> <span class='ocrx_word' id='word_1_196' title='bbox 323 2205 479 2249; x_wconf 84' lang='lat' dir='ltr'>consecrare;</span> <span class='ocrx_word' id='word_1_197' title='bbox 490 2189 540 2240; x_wconf 86' lang='lat' dir='ltr'>hoe</span> <span class='ocrx_word' id='word_1_198' title='bbox 551 2197 574 2239; x_wconf 93' lang='lat' dir='ltr'>et</span> <span class='ocrx_word' id='word_1_199' title='bbox 584 2190 664 2238; x_wconf 86' lang='lat' dir='ltr'>Varro</span> <span class='ocrx_word' id='word_1_200' title='bbox 675 2186 774 2238; x_wconf 87' lang='lat' dir='ltr'>scribit&#39;</span> <span class='ocrx_word' id='word_1_201' title='bbox 826 2195 878 2237; x_wconf 88' lang='lat' dir='ltr'>tam</span> <span class='ocrx_word' id='word_1_202' title='bbox 890 2189 1054 2238; x_wconf 87' lang='lat' dir='ltr'>Messalinum</span> <span class='ocrx_word' id='word_1_203' title='bbox 1066 2189 1134 2248; x_wconf 86' lang='lat' dir='ltr'>dicit,</span> <span class='ocrx_word' id='word_1_204' title='bbox 1147 2189 1190 2254; x_wconf 89' lang='lat' dir='ltr'>qni</span> <span class='ocrx_word' id='word_1_205' title='bbox 1207 2197 1259 2240; x_wconf 87' lang='lat' dir='ltr'>tam</span> <span class='ocrx_word' id='word_1_206' title='bbox 1273 2189 1376 2238; x_wconf 86' lang='lat' dir='ltr'>vitiosos</span> 
     </span>
     <span class='ocr_line' id='line_1_22' title="bbox 223 2253 1376 2319; baseline -0.002 -13"><span class='ocrx_word' id='word_1_207' title='bbox 223 2255 333 2306; x_wconf 88' lang='lat' dir='ltr'>Scholia.</span> <span class='ocrx_word' id='word_1_208' title='bbox 367 2255 432 2318; x_wconf 84' lang='lat' dir='ltr'>Jahn</span> <span class='ocrx_word' id='word_1_209' title='bbox 448 2270 577 2318; x_wconf 89' lang='lat' dir='ltr'>compares</span> <span class='ocrx_word' id='word_1_210' title='bbox 593 2268 617 2317; x_wconf 88' lang='lat'>5.</span> <span class='ocrx_word' id='word_1_211' title='bbox 633 2267 661 2316; x_wconf 83' lang='lat'>31</span> <span class='ocrx_word' id='word_1_212' title='bbox 680 2253 776 2303; x_wconf 87' lang='lat' dir='ltr'>‘bulla-</span> <span class='ocrx_word' id='word_1_213' title='bbox 827 2254 913 2304; x_wconf 87' lang='lat' dir='ltr'>oculos</span> <span class='ocrx_word' id='word_1_214' title='bbox 924 2255 950 2303; x_wconf 92' lang='lat' dir='ltr'>in</span> <span class='ocrx_word' id='word_1_215' title='bbox 961 2262 1085 2304; x_wconf 85' lang='lat' dir='ltr'>senectute</span> <span class='ocrx_word' id='word_1_216' title='bbox 1096 2255 1190 2315; x_wconf 87' lang='lat' dir='ltr'>habuit,</span> <span class='ocrx_word' id='word_1_217' title='bbox 1201 2262 1229 2304; x_wconf 92' lang='lat' dir='ltr'>ut</span> <span class='ocrx_word' id='word_1_218' title='bbox 1241 2254 1376 2319; x_wconf 82' lang='lat' dir='ltr'>palpebrae</span> 
     </span>
     <span class='ocr_line' id='line_1_23' title="bbox 223 2317 1374 2386; baseline -0.001 -17"><span class='ocrx_word' id='word_1_219' title='bbox 223 2337 272 2386; x_wconf 90' lang='lat' dir='ltr'>que</span> <span class='ocrx_word' id='word_1_220' title='bbox 283 2321 411 2371; x_wconf 87' lang='lat' dir='ltr'>succinctis</span> <span class='ocrx_word' id='word_1_221' title='bbox 420 2320 531 2369; x_wconf 79' lang='lat' dir='ltr'>Laribus</span> <span class='ocrx_word' id='word_1_222' title='bbox 541 2320 632 2368; x_wconf 83' lang='lat' dir='ltr'>donata</span> <span class='ocrx_word' id='word_1_223' title='bbox 641 2317 776 2384; x_wconf 87' lang='lat' dir='ltr'>pependit,’</span> <span class='ocrx_word' id='word_1_224' title='bbox 826 2319 879 2369; x_wconf 89' lang='lat' dir='ltr'>eius</span> <span class='ocrx_word' id='word_1_225' title='bbox 896 2320 923 2368; x_wconf 92' lang='lat' dir='ltr'>in</span> <span class='ocrx_word' id='word_1_226' title='bbox 940 2319 1085 2370; x_wconf 86' lang='lat' dir='ltr'>exteriorem</span> <span class='ocrx_word' id='word_1_227' title='bbox 1121 2328 1199 2370; x_wconf 87' lang='lat' dir='ltr'>artem</span> <span class='ocrx_word' id='word_1_228' title='bbox 1218 2326 1374 2370; x_wconf 87' lang='lat' dir='ltr'>verterentur.</span> 
     </span>
     <span class='ocr_line' id='line_1_24' title="bbox 224 2336 1375 2449; baseline -0.003 -14"><span class='ocrx_word' id='word_1_229' title='bbox 224 2387 310 2449; x_wconf 79' lang='lat' dir='ltr'>Konig</span> <span class='ocrx_word' id='word_1_230' title='bbox 323 2386 387 2435; x_wconf 90' lang='lat' dir='ltr'>Hor.</span> <span class='ocrx_word' id='word_1_231' title='bbox 403 2385 448 2435; x_wconf 79' lang='lat' dir='ltr'>[S.</span> <span class='ocrx_word' id='word_1_232' title='bbox 462 2399 483 2448; x_wconf 88' lang='lat'>5.</span> <span class='ocrx_word' id='word_1_233' title='bbox 496 2386 528 2436; x_wconf 88' lang='grc'>66</span> <span class='ocrx_word' id='word_1_234' title='bbox 542 2386 683 2435; x_wconf 85' lang='lat' dir='ltr'>‘Donasset</span> <span class='ocrx_word' id='word_1_235' title='bbox 694 2385 777 2434; x_wconf 89' lang='lat' dir='ltr'>iamne</span> <span class='ocrx_word' id='word_1_236' title='bbox 827 2385 886 2434; x_wconf 87' lang='lat' dir='ltr'>Fuit</span> <span class='ocrx_word' id='word_1_237' title='bbox 913 2385 979 2435; x_wconf 89' lang='lat' dir='ltr'>enim</span> <span class='ocrx_word' id='word_1_238' title='bbox 1003 2392 1028 2435; x_wconf 92' lang='lat' dir='ltr'>et</span> <span class='ocrx_word' id='word_1_239' title='bbox 1056 2336 1142 2434; x_wconf 66' lang='lat' dir='ltr'>mullis</span> <span class='ocrx_word' id='word_1_240' title='bbox 1170 2385 1268 2435; x_wconf 89' lang='lat' dir='ltr'>deditus</span> <span class='ocrx_word' id='word_1_241' title='bbox 1293 2385 1375 2433; x_wconf 84' lang='lat' dir='ltr'>vitiis&#39;</span> 
     </span>
     <span class='ocr_line' id='line_1_25' title="bbox 224 2449 1376 2507; baseline -0.002 -6"><span class='ocrx_word' id='word_1_242' title='bbox 224 2459 335 2501; x_wconf 88' lang='lat' dir='ltr'>catenam</span> <span class='ocrx_word' id='word_1_243' title='bbox 344 2449 578 2501; x_wconf 86' lang='lat' dir='ltr'>ExvotoLaribus.&#39;</span> <span class='ocrx_word' id='word_1_244' title='bbox 601 2451 635 2500; x_wconf 87' lang='lat' dir='ltr'>So</span> <span class='ocrx_word' id='word_1_245' title='bbox 642 2451 685 2499; x_wconf 91' lang='lat' dir='ltr'>the</span> <span class='ocrx_word' id='word_1_246' title='bbox 692 2451 775 2507; x_wconf 82' lang='lat' dir='ltr'>satior,</span> <span class='ocrx_word' id='word_1_247' title='bbox 827 2450 935 2500; x_wconf 82' lang='lat' dir='ltr'>Scholia.</span> <span class='ocrx_word' id='word_1_248' title='bbox 968 2451 997 2500; x_wconf 95' lang='lat' dir='ltr'>L.</span> <span class='ocrx_word' id='word_1_249' title='bbox 1011 2451 1127 2500; x_wconf 86' lang='lat' dir='ltr'>Aurelius</span> <span class='ocrx_word' id='word_1_250' title='bbox 1138 2452 1215 2501; x_wconf 84' lang='lat' dir='ltr'>Cotta</span> <span class='ocrx_word' id='word_1_251' title='bbox 1227 2450 1376 2500; x_wconf 84' lang='lat' dir='ltr'>Messalinus</span> 
     </span>
    </p>
   </div>
   <div class='ocr_carea' id='block_1_5' title="bbox 224 2515 1377 2910">
    <p class='ocr_par' dir='ltr' id='par_1_9' title="bbox 224 2515 1377 2910">
     <span class='ocr_line' id='line_1_26' title="bbox 224 2515 1375 2579; baseline -0.003 -14"><span class='ocrx_word' id='word_1_252' title='bbox 224 2517 289 2567; x_wconf 92' lang='lat' dir='ltr'>Hor.</span> <span class='ocrx_word' id='word_1_253' title='bbox 303 2530 314 2565; x_wconf 94' lang='lat'>1</span> <span class='ocrx_word' id='word_1_254' title='bbox 329 2517 377 2565; x_wconf 95' lang='lat' dir='ltr'>Od.</span> <span class='ocrx_word' id='word_1_255' title='bbox 390 2530 414 2579; x_wconf 86' lang='lat'>5.</span> <span class='ocrx_word' id='word_1_256' title='bbox 429 2515 525 2575; x_wconf 65' lang='lat' dir='ltr'>ranan</span> <span class='ocrx_word' id='word_1_257' title='bbox 545 2532 557 2565; x_wconf 89' lang='lat' dir='ltr'>s</span> <span class='ocrx_word' id='word_1_258' title='bbox 573 2532 588 2564; x_wconf 92' lang='lat' dir='ltr'>n</span> <span class='ocrx_word' id='word_1_259' title='bbox 619 2515 661 2565; x_wconf 92' lang='lat' dir='ltr'>the</span> <span class='ocrx_word' id='word_1_260' title='bbox 672 2515 774 2576; x_wconf 85' lang='lat' dir='ltr'>clothes,</span> <span class='ocrx_word' id='word_1_261' title='bbox 826 2532 878 2565; x_wconf 83' lang='lat' dir='ltr'>was</span> <span class='ocrx_word' id='word_1_262' title='bbox 890 2531 934 2565; x_wconf 87' lang='lat' dir='ltr'>son</span> <span class='ocrx_word' id='word_1_263' title='bbox 953 2515 982 2565; x_wconf 84' lang='lat' dir='ltr'>of</span> <span class='ocrx_word' id='word_1_264' title='bbox 996 2517 1034 2566; x_wconf 89' lang='lat' dir='ltr'>M.</span> <span class='ocrx_word' id='word_1_265' title='bbox 1052 2516 1166 2566; x_wconf 83' lang='lat' dir='ltr'>Valerius</span> <span class='ocrx_word' id='word_1_266' title='bbox 1183 2516 1303 2566; x_wconf 84' lang='lat' dir='ltr'>Messalla</span> <span class='ocrx_word' id='word_1_267' title='bbox 1314 2516 1375 2565; x_wconf 91' lang='lat' dir='ltr'>Cor·</span> 
     </span>
     <span class='ocr_line' id='line_1_27' title="bbox 225 2532 1377 2645; baseline -0.003 -14"><span class='ocrx_word' id='word_1_268' title='bbox 225 2582 274 2631; x_wconf 87' lang='lat' dir='ltr'>and</span> <span class='ocrx_word' id='word_1_269' title='bbox 287 2583 328 2631; x_wconf 93' lang='lat' dir='ltr'>the</span> <span class='ocrx_word' id='word_1_270' title='bbox 338 2582 412 2639; x_wconf 86' lang='lat' dir='ltr'>lover,</span> <span class='ocrx_word' id='word_1_271' title='bbox 423 2596 437 2643; x_wconf 82' lang='lat'><strong>3</strong></span> <span class='ocrx_word' id='word_1_272' title='bbox 450 2582 498 2632; x_wconf 93' lang='lat' dir='ltr'>Od.</span> <span class='ocrx_word' id='word_1_273' title='bbox 509 2532 548 2632; x_wconf 61' lang='grc' dir='ltr'>ιέ.</span> <span class='ocrx_word' id='word_1_274' title='bbox 559 2595 572 2642; x_wconf 80' lang='grc'><strong>5</strong></span> <span class='ocrx_word' id='word_1_275' title='bbox 582 2532 645 2641; x_wconf 65' lang='lat' dir='ltr'>llll.</span> <span class='ocrx_word' id='word_1_276' title='bbox 654 2581 696 2630; x_wconf 91' lang='lat' dir='ltr'>the</span> <span class='ocrx_word' id='word_1_277' title='bbox 705 2581 777 2645; x_wconf 87' lang='lat' dir='ltr'>harp,</span> <span class='ocrx_word' id='word_1_278' title='bbox 823 2581 895 2630; x_wconf 85' lang='lat' dir='ltr'>vinus</span> <span class='ocrx_word' id='word_1_279' title='bbox 907 2582 983 2641; x_wconf 74' lang='lat' dir='ltr'>(Hor.</span> <span class='ocrx_word' id='word_1_280' title='bbox 997 2595 1007 2630; x_wconf 87' lang='lat'>1</span> <span class='ocrx_word' id='word_1_281' title='bbox 1022 2581 1047 2633; x_wconf 90' lang='lat' dir='ltr'>S.</span> <span class='ocrx_word' id='word_1_282' title='bbox 1063 2595 1101 2632; x_wconf 86' lang='lat'>10.</span> <span class='ocrx_word' id='word_1_283' title='bbox 1114 2584 1155 2644; x_wconf 89' lang='lat'>85,</span> <span class='ocrx_word' id='word_1_284' title='bbox 1168 2583 1200 2632; x_wconf 90' lang='lat' dir='ltr'>A.</span> <span class='ocrx_word' id='word_1_285' title='bbox 1211 2583 1239 2632; x_wconf 92' lang='lat' dir='ltr'>P.</span> <span class='ocrx_word' id='word_1_286' title='bbox 1248 2585 1318 2645; x_wconf 80' lang='lat'>371),</span> <span class='ocrx_word' id='word_1_287' title='bbox 1327 2579 1377 2629; x_wconf 85' lang='lat' dir='ltr'>and</span> 
     </span>
     <span class='ocr_line' id='line_1_28' title="bbox 224 2646 1374 2712; baseline -0.004 -14"><span class='ocrx_word' id='word_1_288' title='bbox 224 2655 279 2706; x_wconf 74' lang='lat' dir='ltr'>etc..</span> <span class='ocrx_word' id='word_1_289' title='bbox 290 2648 350 2697; x_wconf 84' lang='lat' dir='ltr'>with</span> <span class='ocrx_word' id='word_1_290' title='bbox 361 2647 443 2697; x_wconf 80' lang='lat' dir='ltr'>which</span> <span class='ocrx_word' id='word_1_291' title='bbox 454 2648 485 2697; x_wconf 92' lang='lat' dir='ltr'>he</span> <span class='ocrx_word' id='word_1_292' title='bbox 496 2647 542 2696; x_wconf 86' lang='lat' dir='ltr'>has</span> <span class='ocrx_word' id='word_1_293' title='bbox 552 2663 609 2696; x_wconf 87' lang='lat' dir='ltr'>now</span> <span class='ocrx_word' id='word_1_294' title='bbox 620 2647 693 2697; x_wconf 86' lang='lat' dir='ltr'>done.</span> <span class='ocrx_word' id='word_1_295' title='bbox 827 2662 878 2696; x_wconf 85' lang='lat' dir='ltr'>was</span> <span class='ocrx_word' id='word_1_296' title='bbox 888 2646 997 2712; x_wconf 90' lang='lat' dir='ltr'>adopted</span> <span class='ocrx_word' id='word_1_297' title='bbox 1014 2646 1048 2710; x_wconf 90' lang='lat' dir='ltr'>by</span> <span class='ocrx_word' id='word_1_298' title='bbox 1062 2647 1101 2696; x_wconf 92' lang='lat' dir='ltr'>his</span> <span class='ocrx_word' id='word_1_299' title='bbox 1116 2647 1237 2697; x_wconf 83' lang='lat' dir='ltr'>maternal</span> <span class='ocrx_word' id='word_1_300' title='bbox 1252 2647 1332 2708; x_wconf 87' lang='lat' dir='ltr'>uncle,</span> <span class='ocrx_word' id='word_1_301' title='bbox 1346 2646 1374 2694; x_wconf 96' lang='lat' dir='ltr'>L.</span> 
     </span>
     <span class='ocr_line' id='line_1_29' title="bbox 261 2710 1376 2777; baseline 0.001 -16"><span class='ocrx_word' id='word_1_302' title='bbox 261 2723 298 2777; x_wconf 82' lang='lat'>71.</span> <span class='ocrx_word' id='word_1_303' title='bbox 318 2714 400 2777; x_wconf 87' lang='lat' dir='ltr'>‘Quin</span> <span class='ocrx_word' id='word_1_304' title='bbox 412 2721 440 2763; x_wconf 91' lang='lat' dir='ltr'>tu</span> <span class='ocrx_word' id='word_1_305' title='bbox 451 2710 556 2762; x_wconf 86' lang='lat' dir='ltr'>desinis’</span> <span class='ocrx_word' id='word_1_306' title='bbox 569 2729 592 2774; x_wconf 89' lang='lat'>4.</span> <span class='ocrx_word' id='word_1_307' title='bbox 608 2726 645 2775; x_wconf 85' lang='lat'>14.</span> <span class='ocrx_word' id='word_1_308' title='bbox 827 2712 944 2762; x_wconf 85' lang='lat' dir='ltr'>Aurelius</span> <span class='ocrx_word' id='word_1_309' title='bbox 955 2713 1039 2762; x_wconf 89' lang='lat' dir='ltr'>Cotta.</span> <span class='ocrx_word' id='word_1_310' title='bbox 1075 2712 1116 2762; x_wconf 89' lang='lat' dir='ltr'>He</span> <span class='ocrx_word' id='word_1_311' title='bbox 1128 2714 1149 2762; x_wconf 91' lang='lat' dir='ltr'>is</span> <span class='ocrx_word' id='word_1_312' title='bbox 1160 2713 1301 2762; x_wconf 90' lang='lat' dir='ltr'>mentioned</span> <span class='ocrx_word' id='word_1_313' title='bbox 1308 2727 1376 2762; x_wconf 84' lang='lat' dir='ltr'>more</span> 
     </span>
     <span class='ocr_line' id='line_1_30' title="bbox 291 2776 1376 2843; baseline -0.003 -15"><span class='ocrx_word' id='word_1_314' title='bbox 291 2783 327 2828; x_wconf 88' lang='lat' dir='ltr'>de</span> <span class='ocrx_word' id='word_1_315' title='bbox 347 2794 455 2840; x_wconf 68' lang='lat' dir='ltr'>magna,</span> <span class='ocrx_word' id='word_1_316' title='bbox 473 2784 527 2829; x_wconf 84' lang='lat' dir='ltr'>eto.</span> <span class='ocrx_word' id='word_1_317' title='bbox 561 2779 627 2843; x_wconf 87' lang='lat' dir='ltr'>Jahn</span> <span class='ocrx_word' id='word_1_318' title='bbox 647 2793 777 2842; x_wconf 89' lang='lat' dir='ltr'>compares</span> <span class='ocrx_word' id='word_1_319' title='bbox 825 2778 886 2827; x_wconf 88' lang='lat' dir='ltr'>than</span> <span class='ocrx_word' id='word_1_320' title='bbox 906 2793 967 2828; x_wconf 88' lang='lat' dir='ltr'>once</span> <span class='ocrx_word' id='word_1_321' title='bbox 985 2779 1019 2841; x_wconf 92' lang='lat' dir='ltr'>by</span> <span class='ocrx_word' id='word_1_322' title='bbox 1037 2778 1146 2838; x_wconf 86' lang='lat' dir='ltr'>Tacitus,</span> <span class='ocrx_word' id='word_1_323' title='bbox 1166 2779 1223 2827; x_wconf 90' lang='lat' dir='ltr'>who</span> <span class='ocrx_word' id='word_1_324' title='bbox 1242 2777 1304 2828; x_wconf 86' lang='lat' dir='ltr'>calls</span> <span class='ocrx_word' id='word_1_325' title='bbox 1323 2776 1376 2825; x_wconf 87' lang='lat' dir='ltr'>him</span> 
     </span>
     <span class='ocr_line' id='line_1_31' title="bbox 225 2841 1376 2910; baseline -0.002 -15"><span class='ocrx_word' id='word_1_326' title='bbox 225 2845 337 2910; x_wconf 68' lang='lat' dir='ltr'>Ounp.</span> <span class='ocrx_word' id='word_1_327' title='bbox 352 2859 375 2908; x_wconf 86' lang='lat'>4.</span> <span class='ocrx_word' id='word_1_328' title='bbox 394 2847 417 2894; x_wconf 90' lang='lat'>8.</span> <span class='ocrx_word' id='word_1_329' title='bbox 436 2859 466 2910; x_wconf 79' lang='lat'>39</span> <span class='ocrx_word' id='word_1_330' title='bbox 485 2845 555 2895; x_wconf 89' lang='lat' dir='ltr'>‘Nec</span> <span class='ocrx_word' id='word_1_331' title='bbox 572 2860 635 2910; x_wconf 89' lang='lat' dir='ltr'>quae</span> <span class='ocrx_word' id='word_1_332' title='bbox 651 2844 683 2894; x_wconf 93' lang='lat' dir='ltr'>de</span> <span class='ocrx_word' id='word_1_333' title='bbox 699 2860 776 2909; x_wconf 84' lang='lat' dir='ltr'>parva</span> <span class='ocrx_word' id='word_1_334' title='bbox 828 2844 904 2908; x_wconf 90' lang='lat' dir='ltr'>(Aun.</span> <span class='ocrx_word' id='word_1_335' title='bbox 917 2841 940 2893; x_wconf 87' lang='lat'>6.</span> <span class='ocrx_word' id='word_1_336' title='bbox 956 2843 980 2908; x_wconf 84' lang='lat'>7)</span> <span class='ocrx_word' id='word_1_337' title='bbox 998 2843 1104 2893; x_wconf 88' lang='lat' dir='ltr'>‘nobilis</span> <span class='ocrx_word' id='word_1_338' title='bbox 1115 2844 1224 2908; x_wconf 90' lang='lat' dir='ltr'>quidem,</span> <span class='ocrx_word' id='word_1_339' title='bbox 1241 2844 1285 2894; x_wconf 83' lang='lat' dir='ltr'>sed</span> <span class='ocrx_word' id='word_1_340' title='bbox 1301 2858 1376 2908; x_wconf 83' lang='lat' dir='ltr'>egens</span> 
     </span>
    </p>
   </div>
   <div class='ocr_carea' id='block_1_6' title="bbox 0 0 1532 5034">
    <p class='ocr_par' dir='ltr' id='par_1_10' title="bbox 0 0 1532 5034">
     <span class='ocr_line' id='line_1_32' title="bbox 0 0 1532 5034; baseline 0 0"><span class='ocrx_word' id='word_1_341' title='bbox 0 0 1532 5034; x_wconf 95' lang='lat' dir='ltr'> </span> 
     </span>
    </p>
   </div>
  </div>
 </body>
</html>
